@misc{paddleocr2020,
      title={PP-OCR: A Practical Ultra Lightweight OCR System}, 
      author={Yuning Du and Chenxia Li and Ruoyu Guo and Xiaoting Yin and Weiwei Liu and Jun Zhou and Yifan Bai and Zilin Yu and Yehua Yang and Qingqing Dang and Haoshuang Wang},
      year={2020},
      eprint={2009.09941},
      archivePrefix={arXiv},
      primaryClass={cs.CV},
      url={https://arxiv.org/abs/2009.09941}, 
}

@misc{easyocr,
    author       = {JaidedAI},
    title        = {EasyOCR - Ready-to-use OCR with 80+ supported languages},
    year         = {2020},
    url          = {https://github.com/JaidedAI/EasyOCR},
}


@misc{vit1,
      title={An Image is Worth 16x16 Words: Transformers for Image Recognition at Scale}, 
      author={Alexey Dosovitskiy and Lucas Beyer and Alexander Kolesnikov and Dirk Weissenborn and Xiaohua Zhai and Thomas Unterthiner and Mostafa Dehghani and Matthias Minderer and Georg Heigold and Sylvain Gelly and Jakob Uszkoreit and Neil Houlsby},
      year={2020},
      eprint={2010.1192},
      archivePrefix={arXiv},
      primaryClass={cs.CV},
      url={https://arxiv.org/abs/2010.11929}, 
}

@misc{vit2,
      title={How to train your ViT? Data, Augmentation, and Regularization in Vision Transformers}, 
      author={Andreas Steiner and Alexander Kolesnikov and Xiaohua Zhai and Ross Wightman and Jakob Uszkoreit and Lucas Beyer},
      year={2021},
      eprint={2106.10270},
      archivePrefix={arXiv},
      primaryClass={cs.CV},
      url={https://arxiv.org/abs/2106.10270}, 
}

@misc{jinai,
      title={jina-embeddings-v3: Multilingual Embeddings With Task LoRA}, 
      author={Andreas Steiner and Alexander Kolesnikov and Xiaohua Zhai and Ross Wightman and Jakob Uszkoreit and Lucas Beyer},
      year={2024},
      eprint={2409.10173},
      archivePrefix={arXiv},
      primaryClass={cs.CL},
      url={https://arxiv.org/abs/2409.10173}, 
}

@misc{visobert,
      title={ViSoBERT: A Pre-Trained Language Model for Vietnamese Social Media Text Processing}, 
      author={Nam Nguyen and Thang Phan and Duc-Vu Nguyen and Kiet Nguyen},
      year={2023},
      primaryClass={Association for Computational Linguistics},
      url={https://aclanthology.org/2023.emnlp-main.315/}, 
}

@misc{fintuneBert,
      title={How to Fine-Tune BERT for Text Classification?}, 
      author={Chi Sun and Xipeng Qiu and Yige Xu and Xuanjing Huang},
      year={2019},
      eprint={1905.05583},
      archivePrefix={arXiv},
      primaryClass={cs.CL},
      url={https://arxiv.org/abs/1905.05583}, 
}